@book{dockerbook,
  author    = {Nigel Poulton}, 
  title     = {Docker Deep Dive},
  year      = 2017,
  month     = 7,
  isbn      = {1521822808}
}

@book{kubernetes-book,
  author    = {Marko Luksa}, 
  title     = {Kubernetes in Action},
  publisher = {Manning Publications},
  year      = 2018,
  edition   = 1,
  month     = 1,
  isbn      = {9781617293726}
}

@article{rbac,
  author  = {Ravi S.Sandhu}, 
  title   = {Role-based Access Control},
  journal = {Advances in Computers},
  year    = 1998,
  pages   = {237-286},
  volume  = 46
}

@misc{postgresdocs:online,
  title = {PostgreSQL 11.8 Documentation},
  howpublished = {\url{https://www.postgresql.org/docs/11/index.html}},
  note = {(Accessed: 2020-06-20)}
}

@misc{kubeazure:online,
  title = {Quickstart: Deploy an Azure Kubernetes Service cluster using the Azure CLI},
  howpublished = {\url{https://docs.microsoft.com/en-us/azure/aks/kubernetes-walkthrough}},
  note = {(Accessed: 2020-06-20)}
}

@misc{logistics:online,
title = {Logistics là gì?},
howpublished = {\url{https://www.container-transportation.com/logistics-la-gi.html}},
note = {(Accessed: 2020-06-20)}
}

@misc{dms:online,
title = {Phần mềm DMS là gì?},
howpublished = {\url{https://mobiwork.vn/phan-mem-dms-la-gi/}},
note = {(Accessed: 2020-06-25)}
}

@misc{kmeans:online,
title = {Thuật toán K-Means với bài toán phân cụm dữ liệu - BIS},
howpublished = {\url{http://bis.net.vn/forums/t/374.aspx}},
note = {(Accessed: 2020-06-25)}
}

@misc{redis:online,
title = {Redis: Kho lưu trữ dữ liệu trong bộ nhớ. Cách hoạt động và lý do nên sử dụng},
howpublished = {\url{https://aws.amazon.com/vi/redis/?nc1=h_ls}},
note = {(Accessed: 2020-06-25)}
}

@misc{reactjs:online,
title = {ReactJS - Những điều bạn cần phải biết},
howpublished = {\url{https://topdev.vn/blog/reactjs-nhung-dieu-ban-can-phai-biet/}},
note = {(Accessed: 2020-06-25)}
}

@misc{virtualdom:online,
title = {The difference between Virtual DOM and DOM},
howpublished = {\url{https://reactkungfu.com/2015/10/the-difference-between-virtual-dom-and-dom/}},
note = {(Accessed: 2020-06-25)}
}

@misc{microsoftazure:online,
author = {},
title = {Microsoft Azure - Wikipedia},
howpublished = {\url{https://en.wikipedia.org/wiki/Microsoft_Azure}},
month = {},
year = {},
note = {(Accessed on 06/25/2020)}
}
